
@online{ThinkingAboutSmartContractSecurity, 
    author = {Vitalik Buterin},
    year = 2016,
    title = {Thinking about Smart contract security},
    url = {https://blog.ethereum.org/2016/06/19/thinking-smart-contract-security},
    urldate = {2017-05-18}
}

@online{Ethereum,
    title = {Ethereum: Blockchain App Platform},
    url = {https://ethereum.org/}
}

@article{DDoSRise,
    title = "The growth and evolution of DDoS",
    journal = "Network Security",
    volume = "2015",
    number = "10",
    pages = "13 - 20",
    year = "2015",
    note = "",
    issn = "1353-4858",
    doi = "http://dx.doi.org/10.1016/S1353-4858(15)30092-1",
    url = "http://www.sciencedirect.com/science/article/pii/S1353485815300921",
    author = "Steve Mansfield-Devine"
}

@article{DDoSOverview,
title = "Distributed denial of service (DDoS) resilience in cloud: Review and conceptual cloud DDoS mitigation framework",
journal = "Journal of Network and Computer Applications",
volume = "67",
number = "",
pages = "147 - 165",
year = "2016",
note = "",
issn = "1084-8045",
doi = "http://dx.doi.org/10.1016/j.jnca.2016.01.001",
url = "http://www.sciencedirect.com/science/article/pii/S1084804516000023",
author = "Opeyemi Osanaiye and Kim-Kwang Raymond Choo and Mqhele Dlodlo",
keywords = "Anomaly-based",
keywords = "Change point detection",
keywords = "Cloud distributed denial of service (DDoS) attacks",
keywords = "Cloud distributed denial of service (DDoS) survey",
keywords = "Distributed denial of service (DDoS) attack taxonomy",
keywords = "Flooding attacks"
}

@inproceedings{DefCOM,
  title={A framework for a collaborative DDoS defense},
  author={Oikonomou, George and Mirkovic, Jelena and Reiher, Peter and Robinson, Max},
  booktitle={Computer Security Applications Conference, 2006. ACSAC'06. 22nd Annual},
  pages={33--42},
  year={2006},
  organization={IEEE}
}

@online{IETFDraft,
    author = {K. Nishizuka and L. Xia and J. Xia and D. Zhang and L. Fang and C. Gray and R. Compton},
    title = {Inter-organization cooperative DDoS protection mechanism},
    url = {https://tools.ietf.org/html/draft-nishizuka-dots-inter-domain-mechanism-02},
    urldate={2016-12-27}
}

@article{OriginalPaper,
    author = {B. Rodriguez and T. Bocek and A. Lareida and D. Hausheer and S. Rafati and B. Stiller},
    title = {A Blockchain-based Architecture for Collaborative DDoS Mitigation with Smart Contracts and SDN},
    year = {2017}
}

@article{IPv4Exhaustion,
    author = {RIPE Network Coordination Centre},
    title = {IPv4 Exhaustion},
    year = {2015},
    url = {https://www.ripe.net/publications/ipv6-info-centre/about-ipv6/ipv4-exhaustion}
}

@online{EIP74,
    author = {Alex Beregszaszi},
    title = {Ethereum Improvement Proposal 74: Support RSA signature verification},
    url = {https://github.com/ethereum/EIPs/issues/74}
}

@online{BaselineRequirements,
    title = {Baseline Requirements Certificate Policy for the Issuance and Management of Publicly-Trusted Certificates},
    url = {https://cabforum.org/wp-content/uploads/CA-Browser-Forum-BR-1.4.5.pdf}
}

@online{GlobalSign,
    title = {Securing a Public IP Address - SSL Certificates},
    url = {https://support.globalsign.com/customer/portal/articles/1216536-securing-a-public-ip-address---ssl-certificates}
}

@online{Solc,
    title = {The Solidity Contract-Oriented Programming Language},
    url = {https://github.com/ethereum/solidity}
}

@online{Truffle,
    title = {Truffle Framework},
    url = {http://truffleframework.com/}
}

@online{Solium,
    title = {Solium Framework},
    url = {https://github.com/duaraghav8/Solium}
}

@online{EIP150,
    author = {V. Buterin},
    title = {Ethereum Improvement Proposal 150: Long-term gas cost changes for IO-heavy operations to mitigate transaction spam attacks},
    url = {https://github.com/ethereum/EIPs/issues/150}
}

@online{DefaultGoEthereumConfiguration,
    title = {go-ethereum Github Repository. File \texttt{eth/config.go}},
    url = {https://github.com/ethereum/go-ethereum/blob/fff16169c64a83d57d2eed35b6a2e33248c7d5eb/eth/config.go\#L45}
}

@online{ETHGasStationAnnouncement,
    author = {@ethgasstation},
    title = {The Safe Low Gas Price},
    url = {https://medium.com/@ethgasstation/the-safe-low-gas-price-fb44fdc85b91}
}


@online{USCERT,
    author = {US-CERT},
    title = {Understanding Denial-of-Service Attacks},
    date = {2009-11-04},
    url = {https://www.us-cert.gov/ncas/tips/ST04-015}
}
